
@booklet{chernova1,
    author    = "Чернова~Н.И.",
    title     = "Теория вероятностей"
}

@book{msu,
    author    = "Прохоров Ю.В., Пономаренко Л.С.",
    title     = "Лекции по теории вероятности и математической статистике",
    publisher = "М.:~Издательство Московского университета",
    volume   = "",
    number   = "",
    series   = "2-е изд., испр. и доп.",
    address  = "",
    edition  = "",
    year     = "2012"
}

@book{shiriaev,
    author    = "Ширяев~A.H.",
    title     = "Вероятность",
    publisher = "М.:~Наука",
    volume   = "",
    number   = "",
    series   = "",
    address  = "",
    edition  = "",
    year     = "1980"
}
% vim:sw=4
