@book{comp-krilov-2,
    author    = "В.И.~Крылов, В.В.~Бобков, П.И.~Монастырный",
    title     = "Вычислительные методы",
    publisher = "М.:~Наука",
    volume   = "2",
    number   = "",
    series   = "",
    address  = "",
    edition  = "",
    year     = "1977"
}

% vim:sw=4
